% This is all standard bib tech stuff.
% I highly recommend saving your citations on Google Scholar. Go into My Library and hit the ``Export All'' Option to generate the bibtex file for you.
% You only need to paste that here.

@book{true2010hey,
  title={Hey Ho Let's Go: The Story of the Ramones: The Story of The Ramones},
  author={True, Everett},
  year={2010},
  publisher={Omnibus Press}
}

@article{stratton2005jews,
  title={Jews, punk and the Holocaust: from the Velvet Underground to the Ramones--the Jewish-American story},
  author={Stratton, Jon},
  journal={Popular music},
  volume={24},
  number={1},
  pages={79--105},
  year={2005},
  publisher={Cambridge University Press}
}